@misc{adrdstrg,
 author = "Android Developers",
 title = "{Saving data safely}",
 howpublished = {\url{http://android-developers.blogspot.com/2010/12/saving-data-safely.html}},
 note={Última visita: 4 de Agosto de 2015}
}

@misc{delsms,
 author = "Mari DeGrazia",
 title = "{Finding and reverse engineering deleted SMS messages}",
 howpublished = {\url{http://az4n6.blogspot.com/2013/02/finding-and-reverse-engineering-deleted\_1865.html}},
 note={Última visita: 4 de Agosto de 2015}
}

@misc{logaccss,
 author = "Dianne Hackborn",
 title = "{READ\_LOGS permission not granted}",
 howpublished = {\url{https://groups.google.com/forum/\#!msg/android-developers/6U4A5irWang/AvZsrTdfICIJ}},
 note={Última visita: 4 de Agosto de 2015}
}

@article{eleccrime,
 author = "U.S. Department of Justice",
 title = "{Electronic Crime Scene Investigation: A Guide For First Responders}",
 year = {2001},
 howpublished = {\url{https://www.ncjrs.gov/pdffiles1/nij/187736.pdf}}
}

@misc{stixtrans,
 author = "U.S. Department of Justice",
 title = "{STIX/TAXII Standards Transition - FAQ}",
 howpublished = {\url{https://stixproject.github.io/oasis-faq.pdf}},
 note={Última visita: 4 de Agosto de 2015}
}

@misc{cyboxpry,
 author = "MITRE",
 title = "{The CybOX Project}",
 howpublished = {\url{https://github.com/cyboxproject}},
 note={Última visita: 4 de Agosto de 2015}
}

@misc{createobj,
 author = "{MITRE}",
 title = "{How to Create a CybOX Object}",
 howpublished = {\url{http://cyboxproject.github.io/documentation/creating-objects/}},
 note={Última visita: 4 de Agosto de 2015}
}

@misc{datastrct,
 author = "{MITRE}",
 title = "{Generate Data Structures from XML Schema}",
 howpublished = {\url{https://pythonhosted.org/generateDS/}},
 note={Última visita: 4 de Agosto de 2015}
}

@misc{attchprov,
 author = "{GoogleSource}",
 title = "{AttachmentProvider implementation}",
 howpublished = {\url{https://android.googlesource.com/platform/packages/apps/Email.git/+/master/provider\_src/com/android/email/provider/AttachmentProvider.java}},
 note={Última visita: 4 de Agosto de 2015}
}

@misc{oxigforn,
 author = "{Oxygen Forensic}",
 title = "{Demo backups}",
 howpublished = {\url{http://www.oxygen-forensic.com/en/download/devicebackups}},
 note={Última visita: 4 de Agosto de 2015}
}

@misc{amvername,
 author = "{Android Developers}",
 title = "{AndroidManifest, the versionName attribute}",
 howpublished = {\url{http://developer.android.com/guide/topics/manifest/manifest-element.html#vname}},
 note={Última visita: 4 de Agosto de 2015}
}

@misc{unpkbckp,
 author = "{Nikolay Elenkov}",
 title = "{Unpacking Android backups}",
 howpublished = {\url{http://nelenkov.blogspot.com/2012/06/unpacking-android-backups.html}},
 note={Última visita: 4 de Agosto de 2015}
}

@incollection{Hosmer20141,
 author = "Chet Hosmer",
 booktitle = "{Python Forensics}",
 title = "{Chapter 1: Why Python Forensics?}",
 address = "Boston",
 year = "2014",
 pages = "2 - 9",
 isbn = "978-0-12-418676-7",
 url = "http://www.sciencedirect.com/science/article/pii/B9780124186767000013"
}

@article{opendftool,
 author = "Brian Carrier",
 title = "{Open Source Digital Forensics Tools: The Legal Argument}",
 year = {2002},
 howpublished = {\url{http://www.digital-evidence.org/papers/opensrc_legal.pdf}}
}

@misc{python-cybox-github,
 author = "{MITRE}",
 title = "{A Python library for parsing, manipulating, and generating CybOX content}",
 howpublished = {\url{https://github.com/CybOXProject/python-cybox}},
 note={Última visita: 6 de Agosto de 2015}
}

@misc{generateDS,
 author = "{Dave Kuhlman}",
 title = "{Generate Data Structures from XML Schema}",
 howpublished = {\url{https://pythonhosted.org/generateDS/}},
 note={Última visita: 6 de Agosto de 2015}
}

@misc{JAXB,
 author = "{Oracle}",
 title = "{JAXB project}",
 howpublished = {\url{https://jaxb.java.net/}},
 note={Última visita: 6 de Agosto de 2015}
}

@misc{python-property-class,
 author = "{Python Docs}",
 title = "{Built-in Functions: Class Property}",
 howpublished = {\url{https://docs.python.org/2/library/functions.html}},
 note={Última visita: 6 de Agosto de 2015}
}

@misc{python-importlib,
 author = "{Python Docs}",
 title = "{importlib: The implementation of import}",
 howpublished = {\url{https://docs.python.org/3/library/importlib.html}},
 note={Última visita: 6 de Agosto de 2015}
}

@article{dataintegr,
 author = "{Namheun Son, et al.}",
 title = "{A study of user data integrity during acquisition of Android
devices}",
 year = {2013},
 howpublished = {\url{http://www.dfrws.org/2013/proceedings/DFRWS2013-3.pdf}}
}

@article{collectmethod,
 author = "{Timothy Vidas, et al.}",
 title = "{Towards a General Collection Methodology for Android Devices}",
 year = {2011},
 howpublished = {\url{https://www.andrew.cmu.edu/user/nicolasc/publications/VZC-DFRWS11.pdf}}
}

@misc{androidArch,
 title = "{Android Architecture}",
 howpublished = {\url{http://www.tutorialspoint.com/android/android\_architecture.htm}},
 note={Última visita: 6 de Agosto de 2015}
}

@misc{androidStrg,
 author = "Android Developers",
 title = "{Android Storage}",
 howpublished = {\url{http://developer.android.com/guide/topics/data/data-storage.html}},
 note={Última visita: 6 de Agosto de 2015}
}

@misc{cyboxGitHub,
 author = "MITRE",
 title = "{Repositorio GitHub de CybOX}",
 howpublished = {\url{http://cyboxproject.github.io/}},
 note={Última visita: 6 de Agosto de 2015}
}

@misc{observableExp,
 author = "MITRE",
 title = "{Cyber Observable eXpression}",
 howpublished = {\url{http://cybox.mitre.org/documents/Cyber\%20Observable\%20eXpression\%20(CybOX)\%20Foundations\%20-\%20(SwA\%20Forum\%20Spring\%202012)\%20-\%20Sean\%20Barnum.pdf}},
 note={Última visita: 6 de Agosto de 2015}
}

@misc{customObject,
 author = "MITRE",
 title = "{Custom Objects}",
 howpublished = {\url{http://cybox.readthedocs.org/en/latest/examples.html#custom-objects}},
 note={Última visita: 6 de Agosto de 2015}
}

@article{estadoDelArte,
 author = "{Juan Andrés Diana, José Ignacio Varela}",
 title = "{Recolección de evidencia digital sobre dispositivos móviles - Estado del Arte}",
 year = {2015},
}

@misc{gartnerSales,
 author = "Gartner",
 title = "{Annual Smartphone Sales Surpassed Sales of Feature Phones for the First Time in 2013}",
 howpublished = {\url{http://www.gartner.com/newsroom/id/2665715}},
 note={Última visita: 6 de Agosto de 2015}
}

@misc{androidFragment,
 author = "OpenSignal",
 title = "{Android Fragmentation Visualized}",
 howpublished = {\url{http://opensignal.com/reports/fragmentation-2013/}},
 note={Última visita: 6 de Agosto de 2015}
}

@misc{projectAra,
 author = "Google",
 title = "{Project Ara}",
 howpublished = {\url{http://www.projectara.com/}},
 note={Última visita: 6 de Agosto de 2015}
}

@misc{iphoneChargeConn,
 author = "Jeff Gamet",
 title = "{Proposed EU Law Could Force Apple to Change iPhone Charging Connector}",
 howpublished = {\url{http://www.macobserver.com/tmo/article/proposed-eu-law-could-force-apple-to-change-iphone-charging-connector}},
 note={Última visita: 6 de Agosto de 2015}
}

@article{chapter20,
 author = "Eoghan Casey",
 title = "{Digital Evidence and Computer Crime, Chapter 20}",
 year = {2015},
}

@misc{historyOfiOs,
 author = "Wikipedia",
 title = "{iOS version history}",
 howpublished = {\url{https://en.wikipedia.org/wiki/IOS_version_history}},
 note={Última visita: 6 de Agosto de 2015}
}

@misc{androidVersionHistory,
 author = "Wikipedia",
 title = "{Android version history}",
 howpublished = {\url{https://en.wikipedia.org/wiki/Android_version_history}},
 note={Última visita: 6 de Agosto de 2015}
}

@misc{WindowsHistory,
 author = "Wikipedia",
 title = "{History of Microsoft Windows versions}",
 howpublished = {\url{https://en.wikipedia.org/wiki/History_of_Microsoft_Windows}},
 note={Última visita: 6 de Agosto de 2015}
}

@article{storageAndExchange,
 author = "{Anders O. Flaglien, et al.}",
 title = "{Storage and exchange formats for digital evidence}",
 year = {2011},
}

@misc{oasisAdAutomaged,
 author = "OASIS",
 title = "{OASIS Advances Automated Cyber Threat Intelligence Sharing with STIX, TAXII, CybOX}",
 howpublished = {\url{https://www.oasis-open.org/news/pr/oasis-advances-automated-cyber-threat-intelligence-sharing-with-stix-taxii-cybox}},
 note={Última visita: 6 de Agosto de 2015}
}

@article{DexDigitalEvidence,
 author = "Brian Neil Levine",
 title = "{DEX: Digital evidence provenance supporting reproducibility
and comparison}",
 year = {2009},
}

@article{DexXmlBased,
 author = "W. Alink",
 title = "{XIRAF - XML-based indexing and querying for digital
forensics}",
 year = {2006},
}

@article{cellphoneevidence,
 author = "Cindy Murphy",
 title = "{Cellular Phone Evidence: Data Extraction and Documentation}",
 year = {2010},
 howpublished = {\url{https://www.oasis-open.org/news/pr/oasis-advances-automated-cyber-threat-intelligence-sharing-with-stix-taxii-cybox}}
}